-
@article{Gardner1974Oct,
	author = {Gardner, J. K. and Knopoff, L.},
	title = {Is the sequence of earthquakes in Southern California, with aftershocks removed, Poissonian?},
	journal = {Bull. Seismol. Soc. Am.},
	volume = {64},
	number = {5},
	pages = {1363--1367},
	year = {1974},
	month = oct,
	issn = {0037-1106},
	publisher = {GeoScienceWorld},
	doi = {10.1785/BSSA0640051363}
}

@article{Yeo2020May,
	author = {Yeo, I. W. and Brown, M. R. M. and Ge, S. and Lee, K. K.},
	title = {Causal mechanism of injection-induced earthquakes through the Mw 5.5 Pohang earthquake case study},
	journal = {Nat. Commun.},
	volume = {11},
	number = {2614},
	pages = {1--12},
	year = {2020},
	month = may,
	issn = {2041-1723},
	publisher = {Nature Publishing Group},
	doi = {10.1038/s41467-020-16408-0}
}

@article{Ellenberger1900Jan,
	author = {Ellenberger, John L. and Heasley, Keith A.},
	title = {{Coal Mine Seismicity And Bumps: Historical Case Studies And Current Field Activity}},
	year = {1900},
	month = jan,
	note = {[Online; accessed 6. Mar. 2023]},
	url = {https://stacks.cdc.gov/view/cdc/8610}
}

@article{Ahmad1988Aug,
	author = {Ahmad, Moid U. and Smith, Jeffrey A.},
	title = {{Earthquakes, injection wells, and the Perry Nuclear Power Plant, Cleveland, Ohio}},
	journal = {Geology},
	volume = {16},
	number = {8},
	pages = {739--742},
	year = {1988},
	month = aug,
	issn = {0091-7613},
	publisher = {GeoScienceWorld},
	doi = {10.1130/0091-7613(1988)016<0739:EIWATP>2.3.CO;2}
}

@article{Clifford1975,
	author = {Clifford, Michael J.},
 	title = {Subsurface liquid-waste injection in Ohio. Ohio},
	journal = {Division of Geological Survey},
	year = {1975}
}
@article{Galis2017Dec,
	author = {Galis, Martin and Ampuero, Jean Paul and Mai, P. Martin and Cappa, Fr{\ifmmode\acute{e}\else\'{e}\fi}d{\ifmmode\acute{e}\else\'{e}\fi}ric},
	title = {{Induced seismicity provides insight into why earthquake ruptures stop}},
	journal = {Sci. Adv.},
	volume = {3},
	number = {12},
	pages = {eaap7528},
	year = {2017},
	month = dec,
	issn = {2375-2548},
	publisher = {American Association for the Advancement of Science},
	doi = {10.1126/sciadv.aap7528}
}

@article{Doglioni2018Nov,
	author = {Doglioni, C.},
	title = {{A classification of induced seismicity}},
	journal = {Geosci. Front.},
	volume = {9},
	number = {6},
	pages = {1903--1909},
	year = {2018},
	month = nov,
	issn = {1674-9871},
	publisher = {Elsevier},
	doi = {10.1016/j.gsf.2017.11.015}
}


@misc{BibEntry2018Mar,
	title = {{Global review of human-induced earthquakes}},
	journal = {Earth-Sci. Rev.},
	volume = {178},
	pages = {438--514},
	year = {2018},
	month = mar,
	publisher = {Elsevier},
	note = {[Online; accessed 8. Mar. 2023]},
	doi = {10.1016/j.earscirev.2017.07.008}
}

@misc{BibEntry2018Jan,
	title = {{Induced Seismicity - Enhanced Geothermal Systems (EGS) - Geysers - Seismicity History}},
	year = {2018},
	month = jan,
	note = {[Online; accessed 8. Mar. 2023]},
	url = {http://wellbore.lbl.gov/egs/geysers_history.html}
}

@misc{BibEntry2016Dec,
title = {{Groningen gas production: safety at all cost?}},
journal = {Energy Post},
year = {2016},
month = dec,
note = {[Online; accessed 8. Mar. 2023]},
url = {https://energypost.eu/groningen-gas-production-earthquakes-safety-cost}
}


@article{Postma2018Jan,
	author = {Postma, Tom and Jansen, Jan-Dirk},
	title = {{The Small Effect of Poroelastic Pressure Transients on Triggering of Production-Induced Earthquakes in the Groningen Natural Gas Field}},
	journal = {J. Geophys. Res. Solid Earth},
	volume = {123},
	number = {1},
	pages = {401--417},
	year = {2018},
	month = jan,
	issn = {2169-9356},
	publisher = {John Wiley {\&} Sons, Ltd},
	doi = {10.1002/2017JB014809}
}

@article{Dempsey2023,
	author = {Dempsey, David E. and Suckale, Jenny},
	title = {{Physics{-}Based Forecasting of Induced Seismicity at Groningen Gas Field, The Netherlands: Post Hoc Evaluation and Forecast Update}},
	journal = {Seismol. Res. Lett.},
	year = {2023},
	doi = {10.1785/0220220317}
}

@article{Meyer2022Sep,
	author = {Meyer, Hadrien and Smith, Jonathan D. and Bourne, Stephen and Avouac, Jean-Philippe},
	title = {{An integrated framework for surface deformation modeling and induced seismicity forecasting due to reservoir operations}},
	journal = {Geological Society, London, Special Publications},
	volume = {528},
	number = {1},
	year = {2022},
	month = sep,
	issn = {0305-8719},
	publisher = {Geological Society},
	doi = {10.1144/SP528-2022-169}
}

@article{Bell1978Sep,
	author = {Bell, M. Lee and Nur, Amos},
	title = {{Strength changes due to reservoir-induced pore pressure and stresses and application to Lake Oroville}},
	journal = {J. Geophys. Res. Solid Earth},
	volume = {83},
	number = {B9},
	pages = {4469--4483},
	year = {1978},
	month = sep,
	issn = {0148-0227},
	publisher = {John Wiley {\&} Sons, Ltd},
	doi = {10.1029/JB083iB09p04469}
}

@article{Urban2016May,
	author = {Urban, Pawel and Lasocki, Stanislaw and Blascheck, Patrick and do Nascimento, Aderson Farias and Van Giang, Nguyen and Kwiatek, Grzegorz},
	title = {{Violations of Gutenberg{\textendash}Richter Relation in Anthropogenic Seismicity}},
	journal = {Pure Appl. Geophys.},
	volume = {173},
	number = {5},
	pages = {1517--1537},
	year = {2016},
	month = may,
	issn = {1420-9136},
	publisher = {Springer International Publishing},
	doi = {10.1007/s00024-015-1188-5}
}

@article{Mignan2017Oct,
	author = {Mignan, A. and Broccardo, M. and Wiemer, S. and Giardini, D.},
	title = {{Induced seismicity closed-form traffic light system for actuarial decision-making during deep fluid injections}},
	journal = {Sci. Rep.},
	volume = {7},
	number = {13607},
	pages = {1--10},
	year = {2017},
	month = oct,
	issn = {2045-2322},
	publisher = {Nature Publishing Group},
	doi = {10.1038/s41598-017-13585-9}
}

@article{Shapiro2018Sep,
	author = {Shapiro, S. A.},
	title = {{Seismogenic Index of Underground Fluid Injections and Productions}},
	journal = {J. Geophys. Res. Solid Earth},
	volume = {123},
	number = {9},
	pages = {7983--7997},
	year = {2018},
	month = sep,
	issn = {2169-9313},
	publisher = {John Wiley {\&} Sons, Ltd},
	doi = {10.1029/2018JB015850}
}